PUBLISHED_DATE,DOCUMENTS_INDEX,PUBLISHER,TOPIC,BYLINE,SECTION,SOURCE,LENGTH,DATELINE,SUMMARY,LOAD_DATE,LANGUAGE,CORRECTION_DATE,CORRECTION,GRAPHIC,TYPE,DOCUMENT_TYPE,PUBLISH_TYPE,COPYRIGHT
"October 14, 2002, Monday",1 of 96 DOCUMENTS,The Tampa Tribune (Florida),Climate Research Looks To Land Use,"KATHY STEELE, ksteele@tampatrib.com; Reporter Kathy Steele can be reached at (813) 259-7920.","METRO, Pg. 1",,560 words,,,"October 16, 2002",ENGLISH,,,,,,,Copyright 2002 Times Publishing Company                               All Rights Reserved
,change,study,climate,Pielke,cause,effect,state,global,energy,forest,scientist,greenhouse,however,warming,less,alter,landscape,water,atmosphere,cut,might,accord,heat,gas,building,argue,area,higher,temperature,focus,fossil,fuel,rain,need,take,commission,clear,air,development,natural,possible,land_use,Florida,plant,automobile,culprit,urban,sprawl,replant,farm,irrigation,practice,responsible,pay,share,responsibility,sr.,atmospheric,publish,offer,formula,measure,redistribution,determine,tool,local,government,adopt,plan,growth,knowledge,around,awhile,progressively,stronger,evidence,everyone,rush,embrace,mainstream,worldwide,trend,skeptic,little,know,pielke,prefer,avoid,term,accurate,world,report,lower,carbon,dioxide,form,shield,trap,sun
,11,10,8,7,6,5,5,4,3,3,3,3,3,3,3,3,3,3,2,2,2,2,2,2,2,2,2,2,2,2,2,2,2,2,2,2,2,2,2,2,2,2,2,1,1,1,1,1,1,1,1,1,1,1,1,1,1,1,1,1,1,1,1,1,1,1,1,1,1,1,1,1,1,1,1,1,1,1,1,1,1,1,1,1,1,1,1,1,1,1,1,1,1,1,1,1,1,1,1
"December 23, 2002, Monday",4 of 96 DOCUMENTS,The Tampa Tribune (Florida),Weathered Rings,"KURT LOFT , kloft@tampatrib.com; Reporter Kurt Loft can be reached at (813) 259-7570.","NATION/WORLD, Pg. 8",,572 words,,,"December 24, 2002",ENGLISH,,,"PHOTO 2 NASA
Hector D'Antoni, a researcher at the National Aeronautics and Space Administration's Ames Research Center in California, studies ancient tree rings to learn about dramatic weather patterns from centuries ago. Wider tree rings indicate more tree growth. National Oceanic and Atmospheric Administration
In a satellite image taken earlier this month, shaded areas between Australia and South America indicate warmer surface temperatures caused by El Nino.
NOTES: SCIENCE",,,,Copyright 2002 Times Publishing Company                               All Rights Reserved
,el,nino,tree,ring,back,weather,study,past,dating,temperature,research,understanding,much,Mlinarevic,researcher,clue,scientist,find,phenomenon,know,global,pattern,occur,every,world,rain,new,team,width,record,climate,condition,suggest,time,change,d',antoni,different,growth,control,factor,today,significant,call,show,around,happen,form,shift,might,Middle_Ages,California,give,role,far,ancient,truth,place,trunk,anomaly,three,seven,hit,part,heavy,dring,delve,deep,try,figure,right,ante,mlinarevic,geologist,telephone,offer,reveal,detail,character,neither,subtle,use,special,computer,technique,consider,natural,local,regional,include,sea,surface,model,compile,1250,evidence,cause,severe,rainfall
,14,14,9,7,5,4,4,4,4,4,3,3,3,3,2,2,2,2,2,2,2,2,2,2,2,2,2,2,2,2,2,2,2,2,2,2,2,2,2,2,2,2,2,2,2,2,2,2,2,2,2,2,1,1,1,1,1,1,1,1,1,1,1,1,1,1,1,1,1,1,1,1,1,1,1,1,1,1,1,1,1,1,1,1,1,1,1,1,1,1,1,1,1,1,1,1,1,1,1
"January 18, 2002, Friday",5 of 96 DOCUMENTS,The Tampa Tribune (Florida),Profound Change Eludes Transient State,"MIKE SALINERO, msalinero@tampatrib.com; Reporter Mike Salinero can be reached at (850) 222-8382.","NATION/WORLD, Pg. 1",,1528 words,,,"January 18, 2002",ENGLISH,,,"PHOTO A. Jerry DeFoor
Credits Bush with prompting state to seek new solutions
NOTES: CYCLES OF GOVERNMENT LEGISLATURE 2002 SIXTH OF SIX PARTS",,,,Copyright 2002 Times Publishing Company                               All Rights Reserved
,state,Florida,governor,education,DeFoor,problem,business,reform,new,people,share,legislature,change,interest,school,compete,fail,plan,population,tax,president,government,speaker,little,political,office,voter,make,limit,legislator,term,Senate,Bush,deHaven_Smith,without,land,go,home,think,issue,million,mean,recently,must,consensus,sense,pay,believe,leadership,statewide,policy,look,show,cheap,commissioner,face,pass,system,fundamental,money,observer,better,bush,help,other,important,attitude,can,among,panhandle,scientist,time,cowboy,large,retiree,public,future,cabinet,officer,big,commission,appoint,secretary,power,last,member,expect,provide,hold,accountable,focus,much,long,everybody,take,lawmaker,leader,need,blood
,19,18,11,9,9,8,8,7,7,6,6,5,5,4,4,4,4,4,4,4,4,4,4,4,4,4,4,4,4,4,4,4,4,4,3,3,3,3,3,3,3,3,3,3,3,3,3,3,3,3,3,3,2,2,2,2,2,2,2,2,2,2,2,2,2,2,2,2,2,2,2,2,2,2,2,2,2,2,2,2,2,2,2,2,2,2,2,2,2,2,2,2,2,2,2,2,2,2,2
"March 3, 2002, Sunday",6 of 96 DOCUMENTS,The Tampa Tribune (Florida),Vouchers And Public Education,,"COMMENTARY, Pg. 3",,979 words,,,"March 4, 2002",ENGLISH,,,,,,,Copyright 2002 Times Publishing Company                               All Rights Reserved
,school,voucher,education,child,change,public,choice,nothing,people,competition,parent,good,support,religious,state,system,need,use,problem,American,president,view,feb,monopoly,department,billion,inject,automaker,quality,every,demand,majority,have,citizen,make,result,behavior,respect,teacher,Japanese,regard,1979,spend,absolutely,old,live,tell,big,company,car,begin,produce,receive,union,meet,send,rid,vast,democratic,society,educator,think,status,quo,world,challenge,option,matter,separation,church,institution,grant,high,go,solve,private,teach,salary,work,learn,Maureen_Dinnen,Education,inner_city,Dinnen,Cleveland,article,surprise,anyone,expect,leader,former,institute,thank,candidacy,dollar,many,educated,zero,fashioned
,16,12,11,10,9,8,8,5,5,5,5,5,4,4,4,4,4,4,4,4,3,3,3,3,3,3,3,3,3,3,3,3,3,3,3,3,3,3,3,3,2,2,2,2,2,2,2,2,2,2,2,2,2,2,2,2,2,2,2,2,2,2,2,2,2,2,2,2,2,2,2,2,2,2,2,2,2,2,2,2,2,2,2,2,2,1,1,1,1,1,1,1,1,1,1,1,1,1,1
"January 24, 2002, Thursday",7 of 96 DOCUMENTS,The Tampa Tribune (Florida),Tax Reform Fight Moves To Public Arena,"JOE FOLLICK and MIKE SALINERO, The Tampa Tribune; Reporters Dave Simanoff and John Wark contributed to this story. Reporters Joe Follick and Mike Salinero can be reached at (850) 222-8382.","NATION/WORLD, Pg. 1",,1208 words,,,"January 29, 2002",ENGLISH,"January 25, 2002","The sales tax rate in Hillsborough County is 7 percent. If the state sales tax is reduced from 6 percent to 4.5 percent as proposed by state Senate President John McKay, the sales tax rate in Hillsborough would become 5.5 percent. Incorrect figures were reported in the Nation/World section of some editions Thursday.","PHOTO 2 (1C) MAP (C) John McKay Tribune photo by JASON BEHNKEN
""We need to be very, very careful going forward about tax reform,"" Jeb Bush told business leaders Wednesday in Tampa. Tribune map by VAUGHN HUGHES
(MAP) County Center
Tax Reform Hearing
The public hearing will be at 5 p.m. in the commission chambers of the Fred B. Karl County Center, 601 E. Kennedy Blvd.",,,,Copyright 2002 Times Publishing Company                               All Rights Reserved
,McKay,tax,plan,hearing,public,state,lawmaker,business,hold,percent,make,need,vote,friday,president,people,Shebel,call,sale,change,wednesday,chamber,next,support,Tampa,House,Brown_Waite,meeting,lose,service,might,exemption,100,careful,tell,chairman,agree,lobbyist,committee,special,sen,member,week,senator,know,employee,Senate,Associated_Industries,move,reform,voter,whether,lower,product,proposal,resident,pay,average,use,far,pass,economy,bush,work,attempt,opposition,allow,future,interest,hope,almost,vow,measure,force,group,threaten,everybody,can,fire,opponent,host,budget,John_McKay,Bush,Greater_Tampa,Commerce,Committee,Tallahassee,Florida,Byrd,House_Republicans,Latvala,Sanderson,tampa,front,line,bitter,legislative,war
,17,16,11,11,9,8,7,7,6,6,6,6,6,5,5,5,5,4,4,4,4,4,4,4,4,4,4,3,3,3,3,3,3,3,3,3,3,3,3,3,3,3,3,3,3,3,3,3,2,2,2,2,2,2,2,2,2,2,2,2,2,2,2,2,2,2,2,2,2,2,2,2,2,2,2,2,2,2,2,2,2,2,2,2,2,2,2,2,2,2,2,2,2,1,1,1,1,1,1
"August 3, 2002, Saturday",9 of 96 DOCUMENTS,The Tampa Tribune (Florida),Industrial Park Wants To Build In Housing,"YVETTE C. HAMMETT, yhammett@tampatrib.com; Reporter Yvette C. Hammett can be reached at (813) 754-3765.","PLANT CITY, Pg. 1",,491 words,,,"August 5, 2002",ENGLISH,,,"MAP (C) Tribune map by VAUGHN HUGHES
(MAP) (C) Walden Woods Industrial Park
Source: City of Plant City",,,,Copyright 2002 Times Publishing Company                               All Rights Reserved
,plan,apartment,change,Anders,aug,market,much,development,developer,industrial,zone,Walden_Woods,West_Alexander_Street,convert,portion,mini,expect,go,west,light,right,land,company,develop,allow,residential,revise,city,office,review,park,use,less,traffic,add,impact,include,produce,commission,Walden_Woods_Industrial_Park,Jim_Johnson_Road,WCI,Nelson,plant,bend,economic,climate,owner,project,warehouse,storage,center,commissioner,east,greater,industry,vice,president,continue,careful,near,area,quadrant,talk,well,buffer,huge,beautifully,wood,wetland,bounded,south,good,location,call,building,700,cow,pasture,behind,station,specialize,director,rob,ander,commercial,warehous,consider,propose,council,staff,substantial,deviation,original,water,create,originally,higher,problem
,8,7,6,4,3,3,3,3,3,3,3,3,3,2,2,2,2,2,2,2,2,2,2,2,2,2,2,2,2,2,2,2,2,2,2,2,2,2,2,2,2,2,2,1,1,1,1,1,1,1,1,1,1,1,1,1,1,1,1,1,1,1,1,1,1,1,1,1,1,1,1,1,1,1,1,1,1,1,1,1,1,1,1,1,1,1,1,1,1,1,1,1,1,1,1,1,1,1,1
"March 23, 2002, Saturday",11 of 96 DOCUMENTS,The Tampa Tribune (Florida),What Price Desal?,DONALD LINDEMAN; Donald Lindeman is project manager for Tampa Bay Water.,"NATION/WORLD, Pg. 19",,744 words,,,"March 25, 2002",ENGLISH,,,"PHOTO Tribune photo by CANDACE MUNDY/EAGLE 8
A desalination plant is under construction at the Tampa Electric Co. generator site at Big Bend on Tampa Bay.
NOTES: SATURDAY FORUM",,,,Copyright 2002 Times Publishing Company                               All Rights Reserved
,water,region,seawater,supply,decision,desalination,plant,environmental,new,alternative,available,make,plan,cutback,well,local,growth,source,sustainable,desalinate,project,every,option,cost,drought_proof,solution,need,second,gulf,coast,sense,continue,pump,mandate,district,must,replace,time,safe,drink,supplies,climate,help,protect,high,priority,study,virtually,technology,groundwater,large,despite,river,treatment,store,outside,develop,collect,Tampa_Bay,Hillsborough_Pasco_Pinellas,perfect,result,weigh,compete,evaluate,analysis,lead,pursue,give,fact,good,backdrop,master,general,government,serve,management,accommodate,often,hear,call,aggressive,control,measure,simply,wait,process,play,keep,regardless,redevelopment,plentiful,environmentally,long,sufficient,dilution,mixing,provide,aesthetically
,18,10,8,7,6,6,6,5,4,3,3,3,3,3,3,3,3,3,3,3,3,3,3,3,3,2,2,2,2,2,2,2,2,2,2,2,2,2,2,2,2,2,2,2,2,2,2,2,2,2,2,2,2,2,2,2,2,2,2,2,1,1,1,1,1,1,1,1,1,1,1,1,1,1,1,1,1,1,1,1,1,1,1,1,1,1,1,1,1,1,1,1,1,1,1,1,1,1,1
"January 16, 2002, Wednesday",14 of 96 DOCUMENTS,The Tampa Tribune (Florida),State Feels Powerful Pressure To Mind Its Business Interests,"DAVE SIMANOFF , dsimanoff@tampatrib.com; Reporter Dave Simanoff can be reached at (850) 222-8382.","NATION/WORLD, Pg. 1",,1444 words,,,"January 18, 2002",ENGLISH,,,,,,,Copyright 2002 Times Publishing Company                               All Rights Reserved
,business,state,tax,lobbyist,chamber,thing,company,make,Florida,president,work,economic,development,change,small,issue,help,grow,think,support,industry,government,impact,many,proposal,Commerce,lawmaker,new,spend,money,pay,level,increase,community,push,legislation,credit,force,take,economy,past,leader,group,today,program,hire,people,top,lot,history,Tampa,Tallahassee,service,time,firm,project,play,cost,opposition,battle,percent,recession,need,every,revenue,aggressively,spur,try,exist,weather,storm,legislator,stock,market,have,listen,much,commerce,influential,policy,report,education,local,significant,priority,use,ago,incentive,critical,public,job,important,care,sometimes,agenda,become,represent,way,turn
,23,13,13,12,9,8,8,8,8,7,6,6,6,6,5,5,5,5,5,5,5,5,4,4,4,4,3,3,3,3,3,3,3,3,3,3,3,3,3,3,3,3,3,3,3,3,3,3,3,3,3,3,2,2,2,2,2,2,2,2,2,2,2,2,2,2,2,2,2,2,2,2,2,2,2,2,2,2,2,2,2,2,2,2,2,2,2,2,2,2,2,2,2,2,2,2,2,2,2
"November 30, 2002, Saturday",21 of 96 DOCUMENTS,The Tampa Tribune (Florida),Hurricane Season Fizzles Out,"NEIL JOHNSON, njohnson@tampatrib.com; Reporter Neil Johnson can be reached at (352) 544-5214.","METRO, Pg. 1",,1063 words,,,"December 2, 2002",ENGLISH,,,CHART,,,,Copyright 2002 Times Publishing Company                               All Rights Reserved
,storm,form,wind,hurricane,mph,tropical,season,Maximum,sept,landfall,near,gulf,make,forecast,Lili,tropic,hit,weaken,remain,Louisiana,three,record,grow,center,sea,Rappaport,north,coast,south,el,nino,state,change,number,scientist,become,million,western,cuba,145,aug,move,Florida,Mexico,United_States,Windward_Islands,nine,dozen,six,emerge,northern,go,die,deep,around,across,september,louisiana,brush,latitudes,time,though,southern,estimate,700,damage,pass,quickly,rapid,strength,back,four,mouth,texas,east,Newfoundland,Bermuda,Atlantic,Chelliah,Isidore,Jamaica,Haiti,five_day,Mississippi_River,Daytona_Beach,Made,unusual,place,end,today,take,well,typical,birthplace,pop,usually,girdle,globe,degree
,28,20,19,17,17,14,13,12,10,8,8,6,6,6,6,5,5,5,5,5,4,4,4,4,4,4,3,3,3,3,3,3,3,3,3,3,3,3,3,3,3,3,3,3,3,3,2,2,2,2,2,2,2,2,2,2,2,2,2,2,2,2,2,2,2,2,2,2,2,2,2,2,2,2,2,2,2,2,2,2,2,2,2,2,2,2,1,1,1,1,1,1,1,1,1,1,1,1,1
"December 12, 2002, Thursday",23 of 96 DOCUMENTS,The Tampa Tribune (Florida),"New SOBAC Leader Proposes Changes In Attitude, Name","SUSAN M. GREEN , sgreen@tampatrib.com; Reporter Susan M. Green can be reached at (813) 657-4529.","BRANDON, Pg. 1",,661 words,,,"December 14, 2002",ENGLISH,,,"PHOTO (C) Tribune photo by KATHY MOORE-LENGELL
(C) Dominick Gebbia has lived in Apollo Beach for 20 years. He says he hopes to lead Save Our Bays, Air and Canals to a less ""anti-industry"" stance.",,,,Copyright 2002 Times Publishing Company                               All Rights Reserved
,Gebbia,SOBAC,member,president,bay,environmental,elect,group,community,civic,association,local,among,another,last,interest,sulfur,facility,Apollo_Beach,detective,watchdog,retire,yonker,eventually,lead,ago,take,save,found,public,think,work,project,involved,lot,look,become,move,wife,big,desalination,plant,hillsborough,water,draw,protest,storage,perceive,industry,instead,child,life,son,Air,Canals,head,apollo,much,stereotype,apathetic,homicide,throw,cause,relocate,1977,almost,poise,helm,spawn,late,1999,new,organization,nickname,outspoken,representative,write,letter,voice,concern,meeting,carry,torch,well,various,really,people,succeed,stay,vice,board,secretary,treasurer,native,family,waterfront,home,veteran,police
,13,10,6,5,5,5,4,4,4,4,4,3,3,3,3,3,3,3,3,2,2,2,2,2,2,2,2,2,2,2,2,2,2,2,2,2,2,2,2,2,2,2,2,2,2,2,2,2,2,2,2,2,2,2,2,1,1,1,1,1,1,1,1,1,1,1,1,1,1,1,1,1,1,1,1,1,1,1,1,1,1,1,1,1,1,1,1,1,1,1,1,1,1,1,1,1,1,1,1
"November 14, 2002, Thursday",24 of 96 DOCUMENTS,The Tampa Tribune (Florida),Bishops Approve Revised Policy,"KEITH EPSTEIN , kepstein@tampatrib.com; Reporter Michelle Bearden contributed to this report. Information from The Associated Press also was used. Reporter Keith Epstein can be reached at (202) 662-7673.","NATION/WORLD, Pg. 1",,1475 words,,,"November 16, 2002",ENGLISH,,,"PHOTO (4C) CHART (3C) (C) Bishop Robert Lynch
St. Petersburg bishop said he is troubled by his vote. Photos from The Associated Press
(C) Bishop Donald Wuerl of Pittsburgh holds up a green card during debate on the Catholic Church's sexual abuse policy Wednesday in Washington. The card means Wuerl supports the policy but wants to comment on it. (C) Cardinal Francis George, archbishop of Chicago, oversees debate on the abuse policy during the morning session Wednesday. George helped craft the revised guidelines. The Associated Press
(C) Auxiliary Bishop of Military Services John Kaising, center, concentrates as he listens to debate on the revised policy Wednesday.",,,,Copyright 2002 Times Publishing Company                               All Rights Reserved
,bishop,abuse,church,policy,priest,new,plan,Vatican,allegation,accuse,report,diocese,rule,leader,tribunal,child,victim,review,board,lay,case,Lynch,sex,wednesday,investigator,state,vote,approve,make,process,require,keep,St._Petersburg,area,use,sexual,go,private,preliminary,clergy,minor,prelate,investigation,civil,still,police,promise,take,chart,original,ask,law,catholic,work,remain,Catholic,hire,prosecutor,inquiry,protect,without,might,cardinal,meeting,follow,win,remove,public,ministry,resign,involve,incident,ago,issue,war,evidence,lawsuit,parishioner,last,office,professional,explain,need,internal,tell,decide,whether,judge,chance,demand,protection,set,must,criticism,organization,give,power,survivor,change
,23,18,16,15,15,12,11,10,9,7,7,6,6,6,6,6,6,5,5,5,5,5,4,4,4,4,4,4,4,4,4,4,4,3,3,3,3,3,3,3,3,3,3,3,3,3,3,3,3,3,3,3,3,3,3,3,2,2,2,2,2,2,2,2,2,2,2,2,2,2,2,2,2,2,2,2,2,2,2,2,2,2,2,2,2,2,2,2,2,2,2,2,2,2,2,2,2,2,2
"February 1, 2002, Friday",25 of 96 DOCUMENTS,The Tampa Tribune (Florida),"Democratic Voters Prefer Reno, Poll Says","WILLIAM MARCH , wmarch@tampatrib.com; Reporter William March can be reached at (813) 259-7761.","METRO, Pg. 4",,861 words,,,"February 22, 2002",ENGLISH,,,"CHART
NOTES: LEGISLATURE 2002",,,,Copyright 2002 Times Publishing Company                               All Rights Reserved
,poll,bush,percent,jeb,voter,Reno,july,margin,show,democrat,know,state,undecided,political,election,candidate,error,improvement,unfavorable,impression,still,governor,take,include,change,interview,register,question,primary,match,rep.,recognize,favorable,mean,campaign,really,yet,vs.,McBride,unseat,field,hope,challenger,result,popularity,do,begin,make,news,base,625,sample,size,yield,plus,minus,percentage,point,larger,top,four,race,pick,lawyer,choose,lois,frankel,sen,daryl,jone,less,encourage,slight,stand,without,little,emerge,chart,tampa,*,contender,upcoming,janet,reno,mcbride,Janet_Reno,Mason_Dixon,Democratic,Tampa,Bill_McBride,Bush,Daryl_Jones,Bill,lack,support,new,dominate,challenge,gov
,15,15,14,10,9,8,7,6,5,5,5,5,5,4,4,4,4,4,4,4,3,3,3,3,3,3,3,3,3,3,3,3,3,3,3,3,3,3,3,2,2,2,2,2,2,2,2,2,2,2,2,2,2,2,2,2,2,2,2,2,2,2,2,2,2,2,2,2,2,2,2,2,2,2,2,2,2,2,2,2,2,2,2,2,2,2,2,2,2,2,2,2,2,1,1,1,1,1,1
"February 24, 2002, Sunday",26 of 96 DOCUMENTS,The Tampa Tribune (Florida),What Price Success,"MICHAEL FECHTER, mfechter@tampatrib.com; Reporter Michael Fechter can be reached at (813) 259-7621.","NATION/WORLD, Pg. 1",,2990 words,,,"February 25, 2002",ENGLISH,,,"PHOTO 8 (4C) CHART 2 (1C) (C) Peter Lowe Milwaukee Journal photo for the Tribune by JEFFREY PHELPS
(C) Peter Lowe, former chief executive officer of Success Events International, often talked about his business values during popular seminars held across the country. Tribune file photo
(C) Among the speakers at a Tampa conference Lowe organized in September 1999 was President Ford. Tribune file photo by CLIFF McBRIDE
(C) Actor Christopher Reeve took the stage during a February 1997 Success seminar at the Ice Palace. Tribune file photo by JIM REED (1997)
Ex-employees say money dried up for Success Events to pay big-name speakers. Lowe says security concerns caused cancellations. Tribune photo by CANDACE C. MUNDY
Audiotape lectures were sold to seminar attendees. Last summer, cash-strapped Success Events changed its billing and charged an annual fee without first notifying subscribers. Tribune photo by CANDACE C. MUNDY
A Leonardo Da Vinci copy on Mike Pennington's desk made a chaplain searching for demons uncomfortable. ""I thought it was pretty,"" he said.  ""I didn't know it was riddled with demons."" Tribune file photo by BOB WESTENHOUSER
Peter Lowe, left, served as chairman of Billy Graham's 1999 Crusade and often speaks at seminars of his Christian values.",,,,Copyright 2002 Times Publishing Company                               All Rights Reserved
,Lowe,company,Success_Events,seminar,event,success,Success,former,speaker,go,lowe,peter,business,people,new,call,sell,cancel,Keppler,make,try,leave,customer,owner,employee,last,president,contract,tell,control,bill,executive,million,pay,Peter_Lowe_International,december,credit,demon,2001,terrorist,attack,back,fail,vendor,investor,number,manager,claim,card,week,show,money,own,take,offer,check,charge,asset,Success_Events_International,Life_Win,Frugone,talk,chief,officer,unpaid,debt,legal,time,have,hunt,promise,create,compete,run,work,story,2000,parent,account,know,september,security,operation,fee,tape,give,Success_Companies,North_Carolina,honesty,quit,action,lose,bring,lie,deliver,audiotape,without,office,strictly
,48,33,22,21,19,17,16,13,13,13,12,11,11,10,10,10,10,10,10,9,8,8,8,8,8,8,8,8,8,8,7,7,7,7,7,6,6,6,6,6,6,5,5,5,5,5,5,5,5,5,5,5,5,5,5,5,5,5,5,5,5,4,4,4,4,4,4,4,4,4,4,4,4,4,4,4,4,4,4,4,4,4,4,4,4,4,4,4,3,3,3,3,3,3,3,3,3,3,3
"April 12, 2002, Friday",28 of 96 DOCUMENTS,The Tampa Tribune (Florida),TIA Traffic Off Just 1% Last Year,"JIM SLOAN , jsloan@tampatrib.com; Reporter Jim Sloan can be reached at (813) 259-7691.","MONEYSENSE, Pg. 1",,540 words,,,"April 16, 2002",ENGLISH,,,CHART,,,,Copyright 2002 Times Publishing Company                               All Rights Reserved
,airport,percent,revenue,decline,passenger,drop,authority,still,thursday,rank,fifth,term,2001,tell,last,people,sept,attack,facility,TIA,Tampa,Miller,news,nation,largest,least,show,2000,country,area,member,terrorist,seek,proposal,new,base,operator,aviation,aircraft,time,traffic,change,red,travel,fear,bit,good,among,survey,suffer,volume,have,chief,boss,worse,13.6,study,dip,16.2,5.7,8.4,fare,better,many,bless,strong,market,include,customer,population,million,indicate,stability,really,whole,mayor,dick,steadily,peak,tourist,budget,feeling,impact,however,keep,nervous,traveler,gross,concession,february,example,6.4,compare,overall,five,fiscal,actual,40.8,latest
,14,8,5,4,4,4,4,3,3,3,3,3,3,3,3,3,3,3,3,3,3,3,2,2,2,2,2,2,2,2,2,2,2,2,2,2,2,2,2,2,2,2,1,1,1,1,1,1,1,1,1,1,1,1,1,1,1,1,1,1,1,1,1,1,1,1,1,1,1,1,1,1,1,1,1,1,1,1,1,1,1,1,1,1,1,1,1,1,1,1,1,1,1,1,1,1,1,1,1
"May 31, 2002, Friday",29 of 96 DOCUMENTS,The Tampa Tribune (Florida),2 Lawsuits Oppose Tax Referendum,"JOE FOLLICK, jfollick@tampatrib.com; Reporter Joe Follick can be reached at (850) 222-8382","METRO, Pg. 7",,572 words,,,"June 2, 2002",ENGLISH,,,,,,,Copyright 2002 Times Publishing Company                               All Rights Reserved
,tax,McKay,state,business,group,exemption,sale,reform,file,lawsuit,voter,ballot,propose,lawmaker,claim,service,TaxWatch,sen,fight,play,president,opponent,system,defeat,interest,thursday,tallahassee,think,approve,review,constitutional,amendment,power,give,set,legislature,disclose,work,support,effort,lose,proposal,referendum,committee,product,agree,end,cent,average,battle,show,Florida_Supreme_Court,Florida,mckay,back,home,turf,foil,powerful,plan,attorney,special,predict,luckier,different,field,courtroom,farmer,forester,conservative,tank,separate,goal,deny,chance,reject,measure,call,new,legislative,panel,forestry,suit,circuit,court,radically,alter,balance,ability,bypass,governor,rip,nonprofit,fail,large,pay,meaningful,yet,repeatedly
,13,9,7,6,5,5,4,3,3,3,3,3,3,3,3,3,3,2,2,2,2,2,2,2,2,2,2,2,2,2,2,2,2,2,2,2,2,2,2,2,2,2,2,2,2,2,2,2,2,2,2,2,2,1,1,1,1,1,1,1,1,1,1,1,1,1,1,1,1,1,1,1,1,1,1,1,1,1,1,1,1,1,1,1,1,1,1,1,1,1,1,1,1,1,1,1,1,1,1
"June 11, 2002, Tuesday",32 of 96 DOCUMENTS,The Tampa Tribune (Florida),Architect To Unveil Art Museum,"LAURA KINSLER , lkinsler@tampatrib.com or more information on Rafael Vinoly Architects, go to www.rvapc.com Reporter Laura Kinsler can be reached at (813) 259-8303.","METRO, Pg. 1",,501 words,,,"June 13, 2002",ENGLISH,,,"PHOTO 2 MAP Rafael Vinoly
Received raves for Philadelphia's arts center Rafael Vinoly
The Fortabat Museum in Buenos Aires, Argentina, designed by Rafael Vinoly for an art collection, is at home amid a port. (MAP) TAMPA MUSEUM OF ART
(See microfilm for details)
Tibune Map; Source: Rafael Vinoly Architects PC",,,,Copyright 2002 Times Publishing Company                               All Rights Reserved
,building,design,museum,Vinoly,glass,art,open,winter,make,wow,approach,garden,enclose,take,different,use,atrium,create,concept,light,need,go,change,city,begin,though,sell,critic,architecture,Philadelphia,Greco,Kimmel_Center,promise,new,picture,downtown,much,botanical,shim,shell,water,cascade,roof,wipe,image,memory,whose,trademark,rave,review,worldwide,place,space,can,transplant,tropical,climate,architect,strong,heat,intense,kind,idea,opposite,unveil,friday,closely,guard,intimately,involved,director,final,product,work,feverishly,finish,present,still,do,mayor,dick,pleased,sketch,anything,world,move,closer,serve,purpose,fill,void,major,street,allow,construction,without,demolish,exist,think
,8,6,5,5,4,3,3,3,3,3,2,2,2,2,2,2,2,2,2,2,2,2,2,2,2,2,2,2,2,2,2,2,1,1,1,1,1,1,1,1,1,1,1,1,1,1,1,1,1,1,1,1,1,1,1,1,1,1,1,1,1,1,1,1,1,1,1,1,1,1,1,1,1,1,1,1,1,1,1,1,1,1,1,1,1,1,1,1,1,1,1,1,1,1,1,1,1,1,1
"September 23, 2002, Monday",34 of 96 DOCUMENTS,The Tampa Tribune (Florida),"Seasons Change, But Temperatures Stay The Same, For Now","NEIL JOHNSON, njohnson@tampatrib.com; Reporter Neil Johnson can be reached at (352) 544-5214.","METRO, Pg. 1",,278 words,,,"September 25, 2002",ENGLISH,,,,,,,Copyright 2002 Times Publishing Company                               All Rights Reserved
,fall,temperature,rainfall,september,average,begin,el,nino,calendar,tell,time,probably,difference,state,high,degree,start,season,dry,meteorologist,expect,much,record,Florida,Tampa,mark,might,hard,summer,arrive,12:55,morning,climate,always,match,look,frost,pumpkin,soon,can,whole,lot,august,assistant,climatologist,plummet,way,usually,feeling,october,cool,front,try,push,south,main,lower,humidity,mean,rainy,end,long,afternoon,thundershower,lose,regularity,november,driest,1.62,inch,occur,water,equatorial,pacific,become,abnormally,phenomenon,increase,forecaster,current,moderately,powerful,especially,compare,equal,strongest,historical,national,prediction,center,generate,rain,monthly,set,winter,AUTUMN,ARRIVAL,NOT,MERCURY
,4,4,4,3,3,3,3,3,2,2,2,2,2,2,2,2,2,2,2,2,2,2,2,2,2,1,1,1,1,1,1,1,1,1,1,1,1,1,1,1,1,1,1,1,1,1,1,1,1,1,1,1,1,1,1,1,1,1,1,1,1,1,1,1,1,1,1,1,1,1,1,1,1,1,1,1,1,1,1,1,1,1,1,1,1,1,1,1,1,1,1,1,1,1,1,1,1,1,1
"November 6, 2002, Wednesday",37 of 96 DOCUMENTS,The Tampa Tribune (Florida),Airlines Must Make Drastic Changes,,"NATION/WORLD, Pg. 18",,484 words,,,"January 17, 2003",ENGLISH,,,,,,,Copyright 2002 Times Publishing Company                               All Rights Reserved
,airlines,million,fly,lose,cost,passenger,many,last,billion,third,quarter,federal,government,flight,still,major,executive,traveler,United,report,loss,much,terrorist,attack,reduce,problem,blame,higher,business,travel,demand,industry,pricing,percent,airline,new,need,ticket,change,American_Airlines,nation,7.2,2002,indication,worse,924,889,326,feel,fortunate,period,ago,receive,infusion,justified,force,ground,immediately,red,ink,keep,flow,stave,bankruptcy,1.8,loan,guarantee,announce,laid,worker,stem,accord,woe,fuel,spend,anniversary,cause,steeper,slump,security,predict,fourth,traditionally,weaker,difficult,threat,war,chief,recently,structure,may,chiefly,hurt,model,place,mostly,expect,provide,revenue
,5,5,5,4,4,4,4,3,3,3,3,3,3,3,3,3,3,3,3,2,2,2,2,2,2,2,2,2,2,2,2,2,2,2,2,2,2,2,2,2,1,1,1,1,1,1,1,1,1,1,1,1,1,1,1,1,1,1,1,1,1,1,1,1,1,1,1,1,1,1,1,1,1,1,1,1,1,1,1,1,1,1,1,1,1,1,1,1,1,1,1,1,1,1,1,1,1,1,1
"November 6, 2002, Wednesday",38 of 96 DOCUMENTS,The Tampa Tribune (Florida),Airlines Must Make Drastic Changes,,"NATION/WORLD, Pg. 18",,484 words,,,"November 7, 2002",ENGLISH,,,,,,,Copyright 2002 Times Publishing Company                               All Rights Reserved
,airlines,million,fly,lose,cost,passenger,many,last,billion,third,quarter,federal,government,flight,still,major,executive,traveler,United,report,loss,much,terrorist,attack,reduce,problem,blame,higher,business,travel,demand,industry,pricing,percent,airline,new,need,ticket,change,American_Airlines,nation,7.2,2002,indication,worse,924,889,326,feel,fortunate,period,ago,receive,infusion,justified,force,ground,immediately,red,ink,keep,flow,stave,bankruptcy,1.8,loan,guarantee,announce,laid,worker,stem,accord,woe,fuel,spend,anniversary,cause,steeper,slump,security,predict,fourth,traditionally,weaker,difficult,threat,war,chief,recently,structure,may,chiefly,hurt,model,place,mostly,expect,provide,revenue
,5,5,5,4,4,4,4,3,3,3,3,3,3,3,3,3,3,3,3,2,2,2,2,2,2,2,2,2,2,2,2,2,2,2,2,2,2,2,2,2,1,1,1,1,1,1,1,1,1,1,1,1,1,1,1,1,1,1,1,1,1,1,1,1,1,1,1,1,1,1,1,1,1,1,1,1,1,1,1,1,1,1,1,1,1,1,1,1,1,1,1,1,1,1,1,1,1,1,1
"December 7, 2002, Saturday",41 of 96 DOCUMENTS,The Tampa Tribune (Florida),Environment Benefits From Enlightened Public Policy,"JOHN RAMIL ; John Ramil, president of Tampa Electric Co. since 1998, formerly headed the company's environmental department.","NATION/WORLD, Pg. 19",,691 words,,,"December 8, 2002",ENGLISH,,,,,,,Copyright 2002 Times Publishing Company                               All Rights Reserved
,plant,emission,Tampa_Electric,sulfur,gas,environmental,coal,reduce,percent,utility,Florida,Big_Bend,agreement,reduction,nitrogen,power,natural,know,dioxide,system,country,make,improvement,balance,customer,editorial,president,new,global,warming,major,public,may,repower,place,1998,level,set,provide,go,air,worst,reference,additional,course,responsible,many,standard,conform,continue,cost,criticize,production,issue,recent,propose,revision,source,review,rule,nov,second,dec.,fall,third,anniversary,co.,landmark,initially,department,dramatic,benefit,include,traditionally,regulate,greenhouse,realize,spring,2003,underscore,enlighten,policy,reap,extraordinary,reward,tribune,correctly,note,large,cease,operation,end,2004,convert,entirely,stage,conversion,complete,next
,10,9,7,4,4,4,4,4,4,4,4,4,3,3,3,3,3,3,3,3,3,3,3,3,3,2,2,2,2,2,2,2,2,2,2,2,2,2,2,2,2,2,2,2,2,2,2,2,2,2,2,2,2,2,1,1,1,1,1,1,1,1,1,1,1,1,1,1,1,1,1,1,1,1,1,1,1,1,1,1,1,1,1,1,1,1,1,1,1,1,1,1,1,1,1,1,1,1,1
"January 1, 2002, Tuesday",43 of 96 DOCUMENTS,The Tampa Tribune (Florida),Look Back Defines 2001 As Odyssey,"BRAD SMITH , bsmith@tampatrib.com; Reporter Brad Smith can be reached at (813) 259-7365.","NATION/WORLD, Pg. 1",,1426 words,,,"January 3, 2002",ENGLISH,,,"PHOTO (2C) Tribune photo by CLIFF McBRIDE
(C) Bill Linn
St. Petersburg's self-professed ""psychic's psychic,"" on his feelings about Central Asia a year ago. The Associated Press
(C) A worker examines a homemade flag - fashioned in part from duct tape - outside the Hart Senate Office Building in Washington. The anthrax cleanup continues into the new year.",,,,Copyright 2002 Times Publishing Company                               All Rights Reserved
,last,ago,time,new,yet,much,sept,predict,life,take,many,know,war,jan,2001,screen,next,week,thing,hope,today,americans,terrorism,psychic,ahead,different,future,later,almost,long,recount,percent,economy,may,market,show,remain,Bush,Florida,America,away,amid,flurry,bear,tell,well,negative,still,back,bin,figure,terrorist,hit,movie,happen,right,begin,pay,president,bush,whose,2000,smarting,national,make,public,higher,poll,high,force,return,event,worse,think,worried,lose,baggage,ever,security,allow,passenger,federal,full,effect,early,slow,interest,outlook,gallon,attack,better,White_House,Linn,Afghan,U.S.,New_York_Times,Washington,Americans,New_Year
,9,8,8,7,7,7,6,5,5,5,5,4,4,4,4,4,4,4,4,4,3,3,3,3,3,3,3,3,3,3,3,3,3,3,3,3,3,3,3,3,2,2,2,2,2,2,2,2,2,2,2,2,2,2,2,2,2,2,2,2,2,2,2,2,2,2,2,2,2,2,2,2,2,2,2,2,2,2,2,2,2,2,2,2,2,2,2,2,2,2,2,2,2,2,2,2,2,2,2
"January 5, 2002, Saturday",45 of 96 DOCUMENTS,The Tampa Tribune (Florida),Swamp Song,"JOEY KNIGHT , jknight@tampatrib.com","NATION/WORLD, Pg. 1",,1188 words,,,"January 7, 2002",ENGLISH,,,"PHOTO (3C) CHART (C) (C) Steve Spurrier Tribune file photo by COLIN HACKLEY (2001)
(C) Steve Spurrier Jeremy Foley
""Had no inkling"" the coach was leaving",,,,Copyright 2002 Times Publishing Company                               All Rights Reserved
,coach,Spurrier,time,season,Florida,gator,Foley,national,decision,leave,championship,NFL,job,uf,six,former,spurrier,three,game,UF,Tampa,friday,title,1996,offer,tell,speculation,go,know,buc,percentage,program,finish,fan,bowl,win,sec,nine,victory,Steve,football,history,end,announce,pursue,crescent,beach,send,word,lead,professional,club,athletic,director,career,college,team,name,mention,list,candidate,country,already,opening,work,golf,think,teammate,focus,early,ago,successor,people,catch,university,player,closest,friend,em,expect,nobody,we,quarterback,heisman,trophy,mark,level,pass,appear,free,shoe,tennessee,make,poll,play,major,overall,ten,San_Diego
,19,16,9,7,7,6,6,5,5,5,5,5,4,4,4,4,4,4,4,4,4,3,3,3,3,3,3,3,3,3,3,3,3,3,3,3,3,3,3,3,2,2,2,2,2,2,2,2,2,2,2,2,2,2,2,2,2,2,2,2,2,2,2,2,2,2,2,2,2,2,2,2,2,2,2,2,2,2,2,2,2,2,2,2,2,2,2,2,2,2,2,2,2,2,2,2,2,2,2
"January 27, 2002, Sunday",49 of 96 DOCUMENTS,The Tampa Tribune (Florida),"The State Of The Union, Post-9/11",MARSHA MERCER; Marsha Mercer covers the White House for Media General. E-mail: mmercer@mediageneral.com,"COMMENTARY, Pg. 2",,766 words,,,"January 29, 2002",ENGLISH,,,,,,,Copyright 2002 Times Publishing Company                               All Rights Reserved
,war,Bush,people,president,last,bush,percent,state,take,go,thing,americans,evil,poll,week,lose,front,use,economic,Union,w.,new,popular,focus,good,make,approval,ratings,job,expect,blame,jan,face,tougher,anxiety,well,speech,next,high,time,financial,issue,401,trust,headline,way,retirement,stock,investment,fear,loss,anger,security,soon,may,help,market,worker,nobody,George,Eighty_two,Enron,White_House,Congress,hardly,anybody,call,dubya,anymore,deliver,address,tuesday,different,stage,winter,corridor,official,dismissive,nickname,vanish,image,rhetorical,bumbler,demeanor,confident,relaxed,charge,seize,moment,attention,provide,platform,hunger,hear,message,upbeat,caring,uncomplicated,fight
,10,10,8,6,6,5,4,3,3,3,3,3,3,3,3,3,3,3,3,3,2,2,2,2,2,2,2,2,2,2,2,2,2,2,2,2,2,2,2,2,2,2,2,2,2,2,2,2,2,2,2,2,2,2,2,2,2,2,2,2,2,2,2,2,1,1,1,1,1,1,1,1,1,1,1,1,1,1,1,1,1,1,1,1,1,1,1,1,1,1,1,1,1,1,1,1,1,1,1
"February 7, 2002, Thursday",51 of 96 DOCUMENTS,The Tampa Tribune (Florida),Bush Opposes Tax Reform Bill,"DAVE SIMANOFF , dsimanoff@tampatrib.com; Reporters David Wasson and Joe Follick contributed to this report. Reporter Dave Simanoff can be reached at (813) 259-7762 or (850) 222-8382.","METRO, Pg. 1",,595 words,,,"February 7, 2002",ENGLISH,,,"PHOTO 3 (2C) (C) John McKay
Senate president predicts tax overhaul proposal will succeed despite list of detractors. (C) Jeb Bush
Governor reversed support of ""full, open and transparent"" discussion of tax reform. Tribune photo by COLIN HACKLEY
Dominic Calabro, president of Florida TaxWatch, said the group opposes Sen. John McKay's plan, not tax reform in general.",,,,Copyright 2002 Times Publishing Company                               All Rights Reserved
,tax,McKay,proposal,reform,Senate,plan,wednesday,group,state,business,Bush,Florida,president,governor,company,gov,opposition,oppose,sale,make,bush,watchdog,thing,week,full,position,office,leave,mean,family,lower,percent,diversify,another,Brogan,chorus,grow,louder,jeb,weigh,continue,push,predict,approve,succeed,despite,expect,successful,right,ago,welcome,open,transparent,discussion,learn,tuesday,night,lt,receive,voice,mail,evening,dismiss,rumor,speak,later,phone,tell,reverse,comment,exchange,spokeswoman,explain,top,democrat,palm,beach,outrage,move,disappointed,break,word,statement,well,courteous,downright,disgust,reiterate,promise,give,fair,hearing,little,doubt,feeling,go,premise,unforeseen,disadvantageous
,15,10,7,6,6,5,5,5,5,5,5,5,4,4,4,3,3,3,3,3,2,2,2,2,2,2,2,2,2,2,2,2,2,2,2,1,1,1,1,1,1,1,1,1,1,1,1,1,1,1,1,1,1,1,1,1,1,1,1,1,1,1,1,1,1,1,1,1,1,1,1,1,1,1,1,1,1,1,1,1,1,1,1,1,1,1,1,1,1,1,1,1,1,1,1,1,1,1,1
"March 21, 2002, Thursday",53 of 96 DOCUMENTS,The Tampa Tribune (Florida),Crystal Springs Has Murky Past,"CAROL JEFFARES HEDMAN, Tribune correspondent; Pieces of the Past is a weekly column to help newcomers, old-timers and anyone in between learn more about Pasco's history.","PASCO, Pg. 13",,934 words,,,"March 22, 2002",ENGLISH,,,"PHOTO Tribune file photo by ANDY JONES (1999)
Swimmers enjoy a plunge in the Hillsborough River, jumping from the Crystal Springs Road bridge.
NOTES: PIECES OF THE PAST",,,,Copyright 2002 Times Publishing Company                               All Rights Reserved
,spring,church,water,colonist,little,brown,company,colony,public,land,new,Crystal_Springs_Colony,Hawk,house,sell,Crystal_Springs,call,form,co.,include,acre,purchase,swim,park,build,community,nut,grow,go,Common_Good_Society,hawk,live,small,offer,farm,sale,provide,way,promise,perpetual,access,health,drink,hole,reservation,plat,find,service,resident,time,next,train,close,original,agreement,reach,family,turn,unable,make,payment,decide,give,stock,keep,potatoe,court,rights,complaint,Ruskin,Iowa,Wilson,New_York,feed,justified,name,change,b.,1911,"24,000","10,000",nearby,zephyrhill,found,veterans,republic,comfortably,pension,site,average,man,warm,climate,advertising,landowner,describe,fountain,homesteader,clean
,15,10,7,7,7,6,5,5,5,5,5,5,5,4,4,4,3,3,3,3,3,3,3,3,3,3,3,3,3,3,2,2,2,2,2,2,2,2,2,2,2,2,2,2,2,2,2,2,2,2,2,2,2,2,2,2,2,2,2,2,2,2,2,2,2,2,2,2,2,2,2,2,2,1,1,1,1,1,1,1,1,1,1,1,1,1,1,1,1,1,1,1,1,1,1,1,1,1,1
"April 14, 2002, Sunday",54 of 96 DOCUMENTS,The Tampa Tribune (Florida),Too Fascinating To Be Forgotten,KATHLEEN HIPSON ; Kathleen Hipson of Tampa is a customer services clerk in the utilities department at Tampa City Hall.,"COMMENTARY, Pg. 4",,466 words,,,"April 18, 2002",ENGLISH,,,,,,,Copyright 2002 Times Publishing Company                               All Rights Reserved
,become,sister,war,Nancy,Jessica,s.,lovell,quite,life,age,world,ii,manage,social,often,friend,education,girl,today,husband,much,make,name,Unity,saga,w.w.,611,page,29.95,bright,beautiful,handful,childhood,obvious,six,daughter,distant,relative,destine,live,exceptional,turbulent,lead,flout,stay,tenet,aristocratic,tradition,throw,wholeheartedly,massive,change,time,eldest,fifth,skilled,writer,novel,description,real,circle,character,family,thinly,disguise,recently,present,love,cold,play,base,writings,remember,country,expose,success,achieve,despite,paucity,formal,ask,brother,receive,benefit,university,answer,boy,educated,finish,acquire,necessary,skill,debutante,term,different,connotation,ball,follow,season
,5,4,3,3,3,2,2,2,2,2,2,2,2,2,2,2,2,2,2,2,2,2,2,2,1,1,1,1,1,1,1,1,1,1,1,1,1,1,1,1,1,1,1,1,1,1,1,1,1,1,1,1,1,1,1,1,1,1,1,1,1,1,1,1,1,1,1,1,1,1,1,1,1,1,1,1,1,1,1,1,1,1,1,1,1,1,1,1,1,1,1,1,1,1,1,1,1,1,1
"April 19, 2002, Friday",55 of 96 DOCUMENTS,The Tampa Tribune (Florida),Architect Hired To Mold Museum,"LAURA KINSLER , lkinsler@tampatrib.com; Reporter Laura Kinsler can be reached at (813) 259-8303.","METRO, Pg. 3",,435 words,,,"April 22, 2002",ENGLISH,,,,,,,Copyright 2002 Times Publishing Company                               All Rights Reserved
,Vinoly,building,museum,design,art,Tampa,include,council,million,plan,space,project,downtown,architect,thursday,vote,idea,tell,architecture,public,exciting,use,collection,well,Greco,high_rise,tampa,almost,agree,build,new,formally,hire,approve,6.4,contract,bore,little,resemblance,contentious,ago,char,mayor,dick,enthusiasm,wow,man,real,visionary,fortunate,dozen,supporter,audience,change,perception,reflection,ego,always,become,glimpse,may,unveil,model,site,evening,really,dynamic,look,different,elegant,material,scale,expect,complement,phenomenal,antiquity,attract,travel,exhibit,auditorium,classroom,cafe,study,tour,neighborhood,recognize,climate,vegetation,surround,recent,328,convention,center,acclaim,1.65,billion,less,attractive,expectation
,9,8,8,8,6,5,4,3,3,3,3,3,2,2,2,2,2,2,2,2,2,2,2,2,2,2,1,1,1,1,1,1,1,1,1,1,1,1,1,1,1,1,1,1,1,1,1,1,1,1,1,1,1,1,1,1,1,1,1,1,1,1,1,1,1,1,1,1,1,1,1,1,1,1,1,1,1,1,1,1,1,1,1,1,1,1,1,1,1,1,1,1,1,1,1,1,1,1,1
"April 24, 2002, Wednesday",57 of 96 DOCUMENTS,The Tampa Tribune (Florida),Northwest Offers Passage To Some Vintage Favorites,"Ken Collura, asksommelier@intnet.net; Ken Collura is head sommelier at Bern's Steak House in Tampa.","BAYLIFE FLAVOR, Pg. 2",,727 words,,,"April 26, 2002",ENGLISH,,,,,,,Copyright 2002 Times Publishing Company                               All Rights Reserved
,state,winery,wine,plant,Washington,grape,pinot,California,Oregon,make,time,number,white,follow,favorite,acre,vine,vineyard,cabernet,have,taste,table,always,cab,today,offering,best,vintage,although,level,must,cooler,merlot,quality,know,often,style,vinifera,major,varietal,chardonnay,riesl,label,percent,variety,name,permit,include,blanc,sauvignon,fruit,Chateau_Ste,Michelle,much,emphasis,place,folk,sometimes,forget,prominence,rightly,recently,bottle,sit,proudly,anywhere,case,checker,past,especially,distinctly,remember,tout,find,thin,pale,meager,muscleless,knowledge,bring,strength,yet,core,vibrancy,lush,finish,note,1999,recall,equal,insipid,available,pricing,edg,toward,astute,choice,avoid,disappointment
,9,8,6,6,6,5,4,4,4,3,3,3,3,3,3,3,3,3,2,2,2,2,2,2,2,2,2,2,2,2,2,2,2,2,2,2,2,2,2,2,2,2,2,2,2,2,2,2,2,2,2,2,2,1,1,1,1,1,1,1,1,1,1,1,1,1,1,1,1,1,1,1,1,1,1,1,1,1,1,1,1,1,1,1,1,1,1,1,1,1,1,1,1,1,1,1,1,1,1
"May 31, 2002, Friday",60 of 96 DOCUMENTS,The Tampa Tribune (Florida),GROUP ANALYSIS,,"SPORTS, Pg. 6",,1354 words,,,"June 2, 2002",ENGLISH,,,,,,,Copyright 2002 Times Publishing Company                               All Rights Reserved
,team,play,world,cup,group,player,win,analysis,France,U.S.,match,think,coach,good,go,Senegal,England,Croatia,squad,time,much,second,experience,advance,Mutiny,Brazil,Italy,Cameroon,last,well,talent,tough,round,former,top,factor,1994,favorite,lot,end,Slovenia,South_Africa,Argentina,Mexico,Japan,Russia,still,beat,back,home,senegal,need,recent,enough,physical,mike,rowdy,defender,consistency,area,everyone,scenario,three,little,stage,edge,base,attend,clearly,new,game,style,however,great,director,other,many,pick,whole,tournament,strong,probably,advancing,four,arsenal,may,club,successful,load,Denmark,Zinedine_Zidane,Paraguay,Turkey,China,Tampa,FIFA,MARCOS,Europe,European
,24,17,16,16,14,12,10,8,8,7,6,6,5,5,5,5,5,5,4,4,4,4,4,4,4,4,4,4,3,3,3,3,3,3,3,3,3,3,3,3,3,3,3,3,3,3,2,2,2,2,2,2,2,2,2,2,2,2,2,2,2,2,2,2,2,2,2,2,2,2,2,2,2,2,2,2,2,2,2,2,2,2,2,2,2,2,2,2,2,2,2,2,2,2,2,2,2,2,2
"June 5, 2002, Wednesday",61 of 96 DOCUMENTS,The Tampa Tribune (Florida),Limestone Carving Dates To Days Of The Timucuans,"CAROL JEFFARES HEDMAN , Tribune correspondent; Pieces of the Past is a weekly column to help newcomers, old-timers and anyone in between learn more about Pasco's colorful history.","PASCO, Pg. 3",,1122 words,,,"June 6, 2002",ENGLISH,,,"PHOTO (C) Tribune photo by ANDY JONES
(C) Joe Fulghum, manager of Leverock's Seafood House in New Port Richey, shows the huge stone outside the restaurant believed to be used as an altar by Timucuan Indians 1,500 years ago.
NOTES: PIECES OF THE PAST",,,,Copyright 2002 Times Publishing Company                               All Rights Reserved
,rock,Florida,people,village,period,area,mound,probably,land,timucuan,discover,chief,time,live,Arnade,large,accord,history,bc,Europeans,Tampa_Bay,Calusa,restaurant,face,carve,think,give,food,place,record,call,subdivision,research,largest,midden,burial,ceremonial,pottery,water,coast,prehistoric,animal,Fulghum,along,back,aboriginal,ad,information,ago,human,use,locate,leave,clean,however,grow,resident,name,channel,dredge,pile,group,native,prehistory,tocobago,state,life,small,shellfish,refuse,form,plaza,next,little,clay,plus,near,gather,hunt,include,root,much,florida,1513,de,1000,800,shape,show,larger,today,estimate,6500,encounter,ice,plant,end,rainfall,increase
,11,11,9,9,9,6,6,6,5,5,5,5,5,5,5,4,4,4,4,4,4,4,3,3,3,3,3,3,3,3,3,3,3,3,3,3,3,3,3,3,3,3,3,2,2,2,2,2,2,2,2,2,2,2,2,2,2,2,2,2,2,2,2,2,2,2,2,2,2,2,2,2,2,2,2,2,2,2,2,2,2,2,2,2,2,2,2,2,2,2,2,2,2,2,2,2,2,2,2
"June 14, 2002, Friday",62 of 96 DOCUMENTS,The Tampa Tribune (Florida),Underage Are Still Barred At Ybor Club,"LAURA KINSLER , lkinsler@tampatrib.com; Reporter Laura Kinsler can be reached at (813) 259-8303.","METRO, Pg. 1",,435 words,,,"June 16, 2002",ENGLISH,,,,,,,Copyright 2002 Times Publishing Company                               All Rights Reserved
,think,council,amphitheater,dance,club,Ybor_City,member,vote,alcohol,business,make,Santoro,keep,bar,request,owner,permit,admit,younger,underage,go,inside,issue,symbolic,place,time,may,ordinance,state,law,Ybor,Saul_Sena,Buckhorn,can,every,thursday,least,turn,lift,condition,prohibit,patron,couple,entertainment,district,try,cater,have,learn,past,climate,group,people,door,lose,whole,party,chairman,charlie,miranda,agree,create,hardship,long,sell,customer,mind,fair,other,statement,catch,middle,yes,charge,look,bigger,picture,difficult,survive,change,field,trip,p.m,pack,need,market,ybor,everyone,petition,future,restriction,probably,last,haste,develop,mistake,clearly,many,guess
,7,5,4,4,4,4,3,3,3,3,3,3,2,2,2,2,2,2,2,2,2,2,2,2,2,2,2,2,2,2,2,2,2,1,1,1,1,1,1,1,1,1,1,1,1,1,1,1,1,1,1,1,1,1,1,1,1,1,1,1,1,1,1,1,1,1,1,1,1,1,1,1,1,1,1,1,1,1,1,1,1,1,1,1,1,1,1,1,1,1,1,1,1,1,1,1,1,1,1
"July 13, 2002, Saturday",64 of 96 DOCUMENTS,The Tampa Tribune (Florida),Group Protests Tribune's Coverage Of Muslims,"KATHY STEELE , ksteele@tampatrib.com; Reporter Kathy Steele can be reached at (813) 259-7920.","METRO, Pg. 3",,363 words,,,"July 15, 2002",ENGLISH,,,"PHOTO (C) Tribune photo by DAVID KADLUBOWSKI
(C) About 60 people, including Sami Al-Arian, gather near The News Center on Friday to protest Monday's column by Daniel Ruth, stories by Michael Fechter and the Tribune's editorial board.",,,,Copyright 2002 Times Publishing Company                               All Rights Reserved
,Tribune,protest,community,way,protester,Saad,target,biased,coverage,shame,column,story,reporter,prophet,building,stand,media,Islamic,Al_Arian,Al_Najjar,columnist,people,friday,group,gather,across,office,chant,slogan,stop,lie,tell,truth,poster,proclaim,journalist,propagandist,monday,news,editorial,board,ridicule,attack,wife,president,talk,issue,wrong,develop,relation,seven,tampa,police,officer,monitor,handful,curious,resident,nearby,apartment,watch,professor,sami,speak,complain,untruthful,man,investigate,terrorist,activity,never,charge,hold,solitary,confinement,federal,prison,deportation,order,certainly,respect,right,disagree,senior,editor,special,project,multimedia,thorough,fair,report,behind,fully,give,name,particularly,tribune,create,climate
,5,4,3,3,3,3,2,2,2,2,2,2,2,2,2,2,2,2,2,2,1,1,1,1,1,1,1,1,1,1,1,1,1,1,1,1,1,1,1,1,1,1,1,1,1,1,1,1,1,1,1,1,1,1,1,1,1,1,1,1,1,1,1,1,1,1,1,1,1,1,1,1,1,1,1,1,1,1,1,1,1,1,1,1,1,1,1,1,1,1,1,1,1,1,1,1,1,1,1
"July 28, 2002, Sunday",68 of 96 DOCUMENTS,The Tampa Tribune (Florida),Shredded Dreams,"JO-ANN JOHNSTON, jfjohnston@tampatrib.com; Reporter Jo-Ann Johnston can be reached at (813) 259-7804.; Tribune wire services contributed information for this story.; Go to TBO.com to check your stock portfolio and get the latest business news. Enter the keyword Money.","MONEYSENSE, Pg. 1",,1468 words,,,"July 29, 2002",ENGLISH,,,"PHOTO CHART The Associated Press
John Rigas, the former chief executive officer of Adelphia Communications, is led from New York's main post office building by posta inspector police Wednesday on his way to federal court in Manhattan. He and his sons Timothy and Michael are accused of looting the company.
NOTES: (See related story, same page.)",,,,Copyright 2002 Times Publishing Company                               All Rights Reserved
,company,executive,accounting,corporate,people,financial,investor,cost,stock,make,law,billion,work,better,million,file,Moulton,Callahan,scandal,pay,market,hide,go,retirement,problem,security,lose,new,enforcement,crime,last,charge,firm,employee,report,asset,chapter,Enron,Borg,Adelphia,social,401,plan,statement,debt,savings,loss,pass,enron,bill,misdeed,rather,may,week,conspiracy,tell,practice,bankruptcy,filing,Congress,WorldCom,psychological,keep,sink,confidence,never,inflate,wait,whether,money,direct,americans,conduct,top,regulator,president,ask,tougher,likely,ethic,three,bankrupt,instance,add,business,other,job,measure,dollar,government,founder,cable,son,investigator,forward,penalty,call,jail,fraud
,20,11,10,9,8,7,7,6,6,6,6,6,6,5,5,5,5,5,4,4,4,4,4,4,4,4,4,4,4,4,4,4,4,4,4,4,4,4,4,4,3,3,3,3,3,3,3,3,3,3,3,3,3,3,3,3,3,3,3,3,3,2,2,2,2,2,2,2,2,2,2,2,2,2,2,2,2,2,2,2,2,2,2,2,2,2,2,2,2,2,2,2,2,2,2,2,2,2,2
"August 4, 2002, Sunday",69 of 96 DOCUMENTS,The Tampa Tribune (Florida),"Hillsborough Needs Fresh Faces, New Viewpoints On Commission",,"COMMENTARY, Pg. 2",,2431 words,,,"August 10, 2002",ENGLISH,,,,,,,Copyright 2002 Times Publishing Company                               All Rights Reserved
,district,commission,county,primary,board,growth,face,Norman,seat,commissioner,voter,problem,easter,support,hillsborough,make,resident,appear,transportation,water,incumbent,candidate,number,serve,need,tribune,endorse,far,election,general,run,south,little,community,republican,know,Storms,decision,road,elect,member,seem,provide,democrat,good,countywide,take,civic,include,former,work,cause,understand,health,winner,Hart,Republican,Frank,important,economic,unable,govern,public,meeting,often,political,citizen,group,term,cover,tampa,plan,care,issue,reason,new,field,impressive,law,small,business,go,accomplish,indeed,area,development,question,population,committed,constituent,build,service,long,tough,ed,crawford,Hillsborough_County,Tampa,Democratic
,26,17,14,13,12,11,10,10,9,8,7,7,7,7,7,6,6,6,6,6,6,6,6,6,6,6,6,5,5,5,5,5,5,5,5,5,5,4,4,4,4,4,4,4,4,4,4,4,4,4,4,4,4,4,4,4,4,4,3,3,3,3,3,3,3,3,3,3,3,3,3,3,3,3,3,3,3,3,3,3,3,3,3,3,3,3,3,3,3,3,3,3,3,3,3,3,3,3,3
"August 16, 2002, Friday",70 of 96 DOCUMENTS,The Tampa Tribune (Florida),Club Finding Strength In New Coach,"IRA KAUFMAN , ikaufman@tampatrib.com","SPORTS, Pg. 9",,306 words,,,"August 17, 2002",ENGLISH,,,"PHOTO Johnny Parker
NOTES: BUCS VS. JAGUARS",,,,Copyright 2002 Times Publishing Company                               All Rights Reserved
,Parker,player,coach,season,work,training,wealth,nfl,experience,heavy,conditioning,pro,care,much,know,help,football,support,Johnny_Parker,Tampa_Bay,Giants,Patriots,Mike_Morris,Bucs,add,lake,bue,to,lift,sell,new,strength,understand,dynamics,game,impose,grunt,make,super,bowl,appearance,bleed,believe,jon,gruden,impressed,impact,hire,march,closely,speed,buc,shape,utilize,technique,observe,trip,bring,combination,real,good,can,enough,team,enter,1984,join,staff,whitel,number,spend,time,injure,reserve,list,1983,seven,relatively,healthy,camp,continue,adjust,regimen,climate,principle,change,better,adapt,condition,run,dismiss,remain,past,appreciate,organization,matter,program,unless,kind
,9,5,3,3,3,3,2,2,2,2,2,2,2,2,2,2,2,2,2,2,2,2,2,2,1,1,1,1,1,1,1,1,1,1,1,1,1,1,1,1,1,1,1,1,1,1,1,1,1,1,1,1,1,1,1,1,1,1,1,1,1,1,1,1,1,1,1,1,1,1,1,1,1,1,1,1,1,1,1,1,1,1,1,1,1,1,1,1,1,1,1,1,1,1,1,1,1,1,1
"August 28, 2002, Wednesday",72 of 96 DOCUMENTS,The Tampa Tribune (Florida),U.S. Should Aid Nations That Are Serious About Reform,,"NATION/WORLD, Pg. 10",,862 words,,,"August 29, 2002",ENGLISH,,,,,,,Copyright 2002 Times Publishing Company                               All Rights Reserved
,country,economic,growth,many,foreign,government,give,assistance,good,Brazil,investment,economy,cause,real,political,last,thing,aid,propose,increase,development,billion,report,policy,blame,world,allow,U.S.,Bush,South_America,trouble,market,need,condition,force,reform,progress,president,percent,past,1980,schaefer,go,actually,help,observe,investor,point,democratic,show,little,well,violent,protest,politics,must,place,reward,income,less,average,daunting,possible,Economic,America,free_market,Argentina,per_capita,Schaefer,develop,exploit,radical,politician,ridicule,poverty,flight,often,intervention,debt,link,demand,higher,tax,austerity,repression,additional,ammunition,ought,dependent,sort,fuel,2006,valuable,grant,indeed,useful,change,largely,waste
,9,8,7,5,5,5,4,4,4,4,3,3,3,3,3,3,3,3,3,3,3,3,3,3,3,3,3,3,3,3,2,2,2,2,2,2,2,2,2,2,2,2,2,2,2,2,2,2,2,2,2,2,2,2,2,2,2,2,2,2,2,2,2,2,2,2,2,2,2,1,1,1,1,1,1,1,1,1,1,1,1,1,1,1,1,1,1,1,1,1,1,1,1,1,1,1,1,1,1
"September 3, 2002, Tuesday",73 of 96 DOCUMENTS,The Tampa Tribune (Florida),Flight Schools Feeling Effects Of Terror Ties,"JIM SLOAN , jsloan@tampatrib.com; Reporter Jim Sloan can be reached at (813) 259-7691.","NATION/WORLD, Pg. 1",,1148 words,,,"September 4, 2002",ENGLISH,,,"PHOTO 3(1C) CHART 2 The Associated Press
(C) Rudi Dekkers owns Huffman Aviation in Venice. His school trained two men believed to be pilots of the planes that hit the twin towers. Tribune photos by JASON BEHNKEN
Susan Hersh is a student of Tampa Flying Service instructor Bill Wilde, who said aviation training ground to a halt immediately after Sept. 11, but things are back to normal now. ""General aviation got such a bad rap from these terrorists,"" he said. The Federal Aviation Administration has issued guidelines since Sept. 11, both for flight schools and commercial airlines.
NOTES: NO LIFE UNTOUCHED America After 9/11",,,,Copyright 2002 Times Publishing Company                               All Rights Reserved
,school,flight,student,foreign,pilot,fly,2001,instructor,airport,back,2002,look,people,industry,thing,training,aviation,go,check,aircraft,make,Dekkers,rebound,dekker,public,attack,still,terrorist,o.,knight,business,airplane,general,adopt,scared,key,ignition,keep,identification,Dekker,Florida,Tampa_Flying_Service,Peter,world,trade,center,sept,find,plane,financial,impact,rely,close,lose,flow,owner,happen,florida,state,federal,administration,week,international,restriction,many,government,rule,regulation,require,use,recommendation,door,supervision,time,photo,lesson,take,screech,halt,restaurant,famous,chart,hour,tampa,service,may,source,passenger,Tampa,St.,Petersburg_Clearwater,Pilots_Association,FAA,number,low,rudi,thousand,mile,middle
,19,18,17,11,9,8,8,5,5,5,5,4,4,4,4,4,4,4,4,4,4,4,3,3,3,3,3,3,3,3,3,3,3,3,3,3,3,3,3,3,3,3,3,2,2,2,2,2,2,2,2,2,2,2,2,2,2,2,2,2,2,2,2,2,2,2,2,2,2,2,2,2,2,2,2,2,2,2,2,2,2,2,2,2,2,2,2,2,2,2,2,2,2,1,1,1,1,1,1
"September 7, 2002, Saturday",74 of 96 DOCUMENTS,The Tampa Tribune (Florida),Small Ways Consumers Can Make Big Energy Impact,,"NATION/WORLD, Pg. 14",,513 words,,,"September 11, 2002",ENGLISH,,,,,,,Copyright 2002 Times Publishing Company                               All Rights Reserved
,Energy_Star,energy,product,use,power,program,home,light,bulb,save,bill,EPA,car,emission,reduce,help,million,pollution,average,accord,yet,attention,government,curtail,greenhouse,include,equipment,residential,voluntary,official,time,equivalent,household,last,billion,reduction,achieve,label,watt,less,new,nation,result,state,begin,interesting,disturbing,fact,pollute,relatively,scant,give,matter,discussion,plant,design,alerting,public,easy,way,consumption,award,designation,substantially,"7,000",item,consist,appliance,electronics,office,heating,cool,lighting,fixture,roofing,transformer,window,underpublicized,impact,enough,peak,gas,particular,interest,homeowner,money,lot,oversee,typical,percent,americans,thanks,stress,cost,savings,without,sacrifice,style,comfort
,11,8,6,6,5,5,4,4,4,4,4,4,3,3,3,3,3,3,2,2,2,2,2,2,2,2,2,2,2,2,2,2,2,2,2,2,2,2,2,2,2,2,2,2,2,1,1,1,1,1,1,1,1,1,1,1,1,1,1,1,1,1,1,1,1,1,1,1,1,1,1,1,1,1,1,1,1,1,1,1,1,1,1,1,1,1,1,1,1,1,1,1,1,1,1,1,1,1,1
"September 15, 2002, Sunday",76 of 96 DOCUMENTS,The Tampa Tribune (Florida),Artistic Oasis,"KAREN HAYMON LONG , klong@tampatrib.com; Reproductions of Homer's paintings are displayed at Homosassa Springs Wildlife Park, just north of the refuge on U.S. 19. They also are posted on the park's Web site at www.hsswp.com/homer/; paintings.html; Reporter Karen Haymon Long can be reached at (813) 259-7618.","TRAVEL, Pg. 1",,1350 words,,,"September 17, 2002",ENGLISH,,,"PHOTO (4C) MAP CHART National Gallery of Art
(C) During a five-week visit to the Homosassa area, Winslow Homer painted ""The Red Shirt"" and 10 more watercolors. His favorite pastime was fishing. Tribune photos by KAREN HAYMON LONG
(2C) Nick Nickerson sits under an umbrella for shade as he paddles his kayak along the Chassahowitzka River. The Homosassa Springs resident enjoys spotting wildlife, especially alligators. Islands of towering palm trees, left, still skirt the Gulf of Mexico coastal area as they did about 100 years ago, when Homer put them on his canvases. Tribune photo by KAREN HAYMON LONG
(C) Teenagers play in the crystal-clear water fed by one of the larger springs in the Chassahowitzka River. The spring, a few minutes by canoe from the Chassahowitzka River Campground, is 45 feet deep and pumps 350,000 gallons a day. Tribune map
(C) (map) Chassahowitzka River",,,,Copyright 2002 Times Publishing Company                               All Rights Reserved
,still,water,Homer,river,area,canoe,refuge,watercolor,painting,fishing,palm,campground,north,bird,boat,bass,look,paint,1904,tree,blue,store,kayak,alligator,inn,Florida,scenery,visitor,peaceful,part,island,hang,great,herons,rent,winter,place,grow,best,visit,long,cabbage,homer,five,week,stay,black,wildlife,site,take,Homosassa_Springs,Chassahowitzka_River,Chassahowitzka_River_Campground,much,state,change,gulf,resident,rowboat,clear,spring,pristine,trail,guide,toward,snowy,egret,thousand,white,pelican,county,live,name,chassahowitzka,pumpkin,otter,mullet,back,time,redfish,around,go,sheepshead,trout,life,fish,parent,homosassa,pay,rental,jungle,nearby,home,paddle,least,many,among,four,tent
,11,9,9,8,8,8,8,6,6,6,5,5,5,5,5,5,4,4,4,4,4,4,4,4,4,4,3,3,3,3,3,3,3,3,3,3,3,3,3,3,3,3,3,3,3,3,3,3,3,3,3,3,3,2,2,2,2,2,2,2,2,2,2,2,2,2,2,2,2,2,2,2,2,2,2,2,2,2,2,2,2,2,2,2,2,2,2,2,2,2,2,2,2,2,2,2,2,2,2
"October 2, 2002, Wednesday",79 of 96 DOCUMENTS,The Tampa Tribune (Florida),Danka To Move HQ Across Road,"TED JACKOVICS , tjackovics@tampatrib.com; Reporter Ted Jackovics can be reached at (813) 259-7817.","MONEYSENSE, Pg. 4",,297 words,,,"October 3, 2002",ENGLISH,,,,,,,Copyright 2002 Times Publishing Company                               All Rights Reserved
,Danka,headquarters,building,complex,million,lease,move,result,new,pay,three,property,across,real,estate,cash,current,cost,sell,credit,lend,instead,st,highway,next,summer,arrangement,mean,copier,service,company,longer,net,wash,senior,vice,president,marketing,finance,work,force,site,stay,600,we,holding,business,believe,savings,future,plus,consolidate,corporate,associate,inc.,31.4,underuse,control,operating,agreement,11101,roosevelt,blvd,include,unfinished,become,administrative,directly,exchange,21.2,terminate,financing,7.7,improvement,remainder,close,change,hand,last,vacate,remain,tuesday,extend,bank,lender,march,2006,loan,line,total,221,9.3,percent,interest,pleased,extension,difficult,period,officer
,7,5,5,4,4,3,3,3,3,3,3,2,2,2,2,2,2,2,2,2,2,1,1,1,1,1,1,1,1,1,1,1,1,1,1,1,1,1,1,1,1,1,1,1,1,1,1,1,1,1,1,1,1,1,1,1,1,1,1,1,1,1,1,1,1,1,1,1,1,1,1,1,1,1,1,1,1,1,1,1,1,1,1,1,1,1,1,1,1,1,1,1,1,1,1,1,1,1,1
"October 21, 2002, Monday",80 of 96 DOCUMENTS,The Tampa Tribune (Florida),Abuse Of Elderly,"CANDACE J. SAMOLINSKI , csamolinski@tampatrib.com; Reporter Candace J. Samolinski can be reached at (813) 948-4215.","PASCO, Pg. 1",,956 words,,,"October 24, 2002",ENGLISH,,,"PHOTO 2 (1C) CHART (C) Tribune photo by ANDY JONES
(C) Victim advocate Kathy Cornwell discusses the problem of elderly abuse during a recent seminar at the New Port Richey Library. Tribune photo by ANDY JONES
Michele Anderson says educating the elderly about the many forms of domestic violence can be difficult.",,,,Copyright 2002 Times Publishing Company                               All Rights Reserved
,violence,domestic,abuse,victim,senior,report,age,help,family,make,spouse,life,abuser,new,older,may,situation,someone,go,call,use,Pasco_Pinellas,many,dependent,fear,social,advocate,take,people,number,percent,state,pet,deny,medical,ridicule,access,Area_Agency,time,keep,secret,wait,citizen,marry,begin,upon,care,worse,lot,think,couple,always,committed,child,title,put,agency,elder,difficult,friend,medication,kid,away,source,threat,kill,federal,funding,available,financial,program,money,start,rarely,problem,behavior,value,member,threaten,Anderson,woman,preserve,wedding,vow,worker,wing,today,climate,might,different,still,taboo,generation,grow,afford,let,move,back,home
,13,11,11,10,9,8,8,8,7,7,5,5,4,4,4,4,4,4,4,4,4,4,3,3,3,3,3,3,3,3,3,3,3,3,3,3,3,3,2,2,2,2,2,2,2,2,2,2,2,2,2,2,2,2,2,2,2,2,2,2,2,2,2,2,2,2,2,2,2,2,2,2,2,2,2,2,2,2,2,2,1,1,1,1,1,1,1,1,1,1,1,1,1,1,1,1,1,1,1
"November 24, 2002, Sunday",82 of 96 DOCUMENTS,The Tampa Tribune (Florida),LETTERS,,"COMMENTARY, Pg. 3",,579 words,,,"November 26, 2002",ENGLISH,,,,,,,Copyright 2002 Times Publishing Company                               All Rights Reserved
,speech,government,Holmes,view,court,action,danger,test,punish,dissent,political,immediate,make,Al_Arian,amendment,conviction,must,illegal,U.S.,Supreme_Court,protect,vs.,great,holm,current,clear,present,may,different,urge,general,strike,believe,pose,punishable,likely,result,overturn,ohio,use,seditious,statement,university,Brandenburg,Israel,USF,usf,probing,legal,mind,commentary,nov,distort,supreme,justice,oliver,wendell,jr.,status,law,1919,formulate,clarify,dangerous,however,subsequently,define,phrase,way,quite,assert,apply,uphold,immigrant,distribute,leaflet,attack,intervene,world,war,create,conclude,expression,exhortation,meet,1925,upheld,publish,manifesto,condemned,moderate,seek,change,argue,show,real,gradually,adopt,idea
,8,7,6,5,5,5,4,4,4,4,4,4,4,4,3,3,3,3,3,3,2,2,2,2,2,2,2,2,2,2,2,2,2,2,2,2,2,2,2,2,2,2,2,2,2,2,1,1,1,1,1,1,1,1,1,1,1,1,1,1,1,1,1,1,1,1,1,1,1,1,1,1,1,1,1,1,1,1,1,1,1,1,1,1,1,1,1,1,1,1,1,1,1,1,1,1,1,1,1
"October 20, 2002, Sunday",85 of 96 DOCUMENTS,The Tampa Tribune (Florida),Bus Fuels Greenpeace's Environmental Fight,"KATHY STEELE , ksteele@tampatrib.com; Reporter Kathy Steele can be reached at (813) 259-7920.","METRO, Pg. 4",,240 words,,,"October 23, 2002",ENGLISH,,,"PHOTO WFLA-TV photo by PAUL LAMISON
Marcel Buob, right, of Greenpeace talks with Rick Minor, left, and Tony Welch of Bill McBride's campaign staff in front of the group's solar-powered bus, Rolling Sunlight, on Friday.",,,,Copyright 2002 Times Publishing Company                               All Rights Reserved
,Greenpeace,global,warming,Florida,McBride,action,plan,support,bush,bus,friday,member,meet,energy,state,concern,Welch,seek,mcbride,road,search,environmental,commitment,man,run,governor,greenpeace,warm,welcome,campaign,headquarters,pledge,take,stand,last,week,minute,gov,jeb,leave,disappointed,neither,yet,provide,leadership,campaigner,group,bully,pulpit,advocacy,pursue,alternative,fuel,source,solar,join,several,largest,county,include,approve,resolution,share,other,reduce,greenhouse,gas,emission,spokesman,however,time,staff,hear,position,issue,add,important,reverse,effect,especially,vulnerable,GROUP,TAMPA,solar_powered,Rolling_Sunlight,Bill_McBride,Hyde_Park,hoped_for,Karl_Riber,Riber,Hillsborough,Pinellas,Tony_Welch
,6,4,4,4,4,3,3,2,2,2,2,2,2,2,2,2,2,1,1,1,1,1,1,1,1,1,1,1,1,1,1,1,1,1,1,1,1,1,1,1,1,1,1,1,1,1,1,1,1,1,1,1,1,1,1,1,1,1,1,1,1,1,1,1,1,1,1,1,1,1,1,1,1,1,1,1,1,1,1,1,1,1,1,1,1,1,1,1,1,1,1,1,1
"September 30, 2002, Monday",88 of 96 DOCUMENTS,The Tampa Tribune (Florida),Yow's Coaching Journey Leads To Hall Of Fame,"LENOX RAWLINGS , Media General News Service","SPORTS, Pg. 2",,541 words,,,"October 2, 2002",ENGLISH,,,"PHOTO The Associated Press
North Carolina State coach Kay Yow became the 13th female inducted into the Naismith Memorial Basketball Hall of Fame.
NOTES: WOMEN IN SPORTS",,,,Copyright 2002 Times Publishing Company                               All Rights Reserved
,yow,coach,n.c.,basketball,career,surgery,three,play,job,Yow,time,college,friday,night,game,backyard,goal,far,five,season,six,record,heart,eat,take,anything,point,back,every,kay,soon,high,girl,end,state,jersey,away,Elon,Gibsonville,warm_ups,woman,pulse,long,apply,ultimate,validation,enshrine,13th,female,inductee,learn,element,parent,stuck,clay,rode,rise,global,tide,eventually,anchore,unplanned,turn,rudimentary,program,establish,power,spread,name,across,ocean,gender,gap,gold,medalist,1986,world,championship,1988,olympic,adventure,survive,breast,cancer,diet,health,problem,bother,today,pound,pack,recent,recruiting,tour,journey,seem,recently,agree,new
,8,7,4,3,3,3,3,3,3,3,2,2,2,2,2,2,2,2,2,2,2,2,2,2,2,2,2,2,2,2,2,2,2,2,2,2,2,2,2,2,1,1,1,1,1,1,1,1,1,1,1,1,1,1,1,1,1,1,1,1,1,1,1,1,1,1,1,1,1,1,1,1,1,1,1,1,1,1,1,1,1,1,1,1,1,1,1,1,1,1,1,1,1,1,1,1,1,1,1
"October 13, 2002, Sunday",89 of 96 DOCUMENTS,The Tampa Tribune (Florida),Baitfish Soon Will Head South For Winter,"FRANK SARGEANT, fsargean@tampabay.rr.com","SPORTS, Pg. 3",,611 words,,,"October 15, 2002",ENGLISH,,,,,,,Copyright 2002 Times Publishing Company                               All Rights Reserved
,fish,water,big,bait,angler,king,run,hook,cobia,long,south,school,mackerel,go,fishing,week,beach,last,sardine,foot,monster,snook,wait,almost,far,report,migration,temperature,still,move,perhaps,due,mass,usually,often,late,remain,make,tarpon,captain,diving,offer,threadfin,tail,chum,redfish,lift,never,Spanish,Tampa,half_mile,Ruskin,Icenogle,Bishop,Harbor,Paiva,start,happen,have,fall,baitfish,underway,time,hit,right,gulf,low,normally,much,warm,migrate,shorter,cooler,weather,allegedly,head,way,speed,thing,already,attract,bonito,ladyfish,jack,bluefish,guest,honor,kingfish,yet,peak,push,lower,global,warming,travel,calendar,thermometer,typically,show
,10,6,6,5,4,4,4,4,4,3,3,3,3,3,3,3,3,3,3,3,3,3,2,2,2,2,2,2,2,2,2,2,2,2,2,2,2,2,2,2,2,2,2,2,2,2,2,2,2,2,2,2,2,2,2,2,1,1,1,1,1,1,1,1,1,1,1,1,1,1,1,1,1,1,1,1,1,1,1,1,1,1,1,1,1,1,1,1,1,1,1,1,1,1,1,1,1,1,1
"April 26, 2002, Friday",90 of 96 DOCUMENTS,The Tampa Tribune (Florida),Women Work Way To Front,"BILL WARD, wward@tampatrib.com","SPORTS, Pg. 1",,914 words,,,"April 27, 2002",ENGLISH,,,"PHOTO (C) CHART MAP 3 Getty Images
(C) Barb Lindquist is the top-seeded woman in Saturday's ITU St. Anthony's Triathlon in St. Petersburg. Tribune maps by CAITLIN HOPE WRIGHT (3) COURSE ROUTES",,,,Copyright 2002 Times Publishing Company                               All Rights Reserved
,man,race,American,triathlon,world,U.S.,ITU,top,Lindquist,woman,st,anthony,draft,Kemper,sport,best,Australia,Locke,cup,season,ago,ranking,hold,saturday,take,big,travel,olympic,format,Straub_Park,2002,field,event,finish,male,time,stage,itu,2001,seed,fourth,nation,idea,go,overseas,prior,rest,eventually,pro,among,triathlete,lack,believe,program,leg,advantage,accept,money,many,guy,fact,close,today,sunday,amateur,USA_Triathlon,United_States,North_Shore_Pool,fade,back,week,notice,something,peculiar,americans,bother,show,another,reach,award,podium,nowhere,find,conspicuously,absent,global,hunter,kemper,spot,six,place,rank,12th,bib,list,consider,invent,icon,help
,13,12,12,10,9,9,8,7,7,5,5,5,5,5,4,4,4,4,3,3,3,3,3,3,3,3,3,3,3,3,2,2,2,2,2,2,2,2,2,2,2,2,2,2,2,2,2,2,2,2,2,2,2,2,2,2,2,2,2,2,2,2,2,2,2,2,2,2,1,1,1,1,1,1,1,1,1,1,1,1,1,1,1,1,1,1,1,1,1,1,1,1,1,1,1,1,1,1,1
"July 5, 2002, Friday",91 of 96 DOCUMENTS,The Tampa Tribune (Florida),Across The Region,"ELLEN GEDALIUS; GARY SPROTT; ELLEN GEDALIUS; WILL RODGERS, A staff report","METRO, Pg. 2",,1092 words,,,"July 8, 2002",ENGLISH,,,,,,,Copyright 2002 Times Publishing Company                               All Rights Reserved
,school,county,boat,clinic,honor,court,plan,canal,limit,plant,four,around,hillsborough,open,time,district,center,july,new,building,three,lawyer,tampa,receive,build,cover,play,mosquitoe,last,park,property,money,project,funding,patient,close,portable,1990,group,local,make,bar,association,section,people,give,excellence,law,present,monday,principal,seek,elementary,truck,helicopter,spray,six,charter,clearwater,trip,water,participant,supply,start,p.m.,remain,intake,discharge,complex,reason,late,nuclear,threat,Lake_Istokpoga,Kelton_Health_Center,TAMPA,PTA,Earth_Charter,Osprey_Bay_Kayaks,FPC,Coast_Guard,lake,develop,unanimous,vote,week,commissioner,approve,agreement,landowner,allow,improvement,vacant,land,ramp,adjacent,use,public,hearing
,7,6,6,4,4,4,4,4,4,4,3,3,3,3,3,3,3,3,3,3,3,3,3,3,3,3,3,3,3,2,2,2,2,2,2,2,2,2,2,2,2,2,2,2,2,2,2,2,2,2,2,2,2,2,2,2,2,2,2,2,2,2,2,2,2,2,2,2,2,2,2,2,2,2,2,2,2,2,2,2,2,1,1,1,1,1,1,1,1,1,1,1,1,1,1,1,1,1,1
"August 11, 2002, Sunday",93 of 96 DOCUMENTS,The Tampa Tribune (Florida),Tournament Takes Anglers Into Blue Yonder,"FRANK SARGEANT , fsargean@tampabay.rr.com","SPORTS, Pg. 7",,712 words,,,"August 12, 2002",ENGLISH,,,,,,,Copyright 2002 Times Publishing Company                               All Rights Reserved
,boat,fish,mile,angler,dolphin,run,blue,foot,fishing,offshore,tuna,big,speed,100,much,find,marlin,water,gulf,along,wahoo,loop,inshore,weed,smaller,lure,p.m.,tournament,saturday,event,200,depth,"10,000",offer,nearby,worst,far,bluewater,continental,shelf,coast,often,edge,beyond,current,good,part,looping,sometimes,bring,sail,float,sargasso,baitfish,eat,pull,slower,knot,outboard,back,phone,radio,Old_Salt,Florida,drop_off,VHF,Longboat_Key_Moorings,wet,line,bit,least,participate,thursday,likely,start,point,winner,last,include,135,"1,400",travel,opportunity,probe,deep,plenty,company,case,something,go,wrong,recreational,try,heck,long,swim,attraction,pelagic,extend
,8,7,6,6,6,5,5,5,5,4,4,4,4,3,3,3,3,3,3,3,3,3,3,3,3,3,3,2,2,2,2,2,2,2,2,2,2,2,2,2,2,2,2,2,2,2,2,2,2,2,2,2,2,2,2,2,2,2,2,2,2,2,2,2,2,2,2,1,1,1,1,1,1,1,1,1,1,1,1,1,1,1,1,1,1,1,1,1,1,1,1,1,1,1,1,1,1,1,1
"November 29, 2002, Friday",95 of 96 DOCUMENTS,The Tampa Tribune (Florida),VIDEO GAMES,WES PHILLIPS,"FRIDAY EXTRA!, Pg. 45",,229 words,,,"December 2, 2002",ENGLISH,,,,,,,Copyright 2002 Times Publishing Company                               All Rights Reserved
,game,mode,championship,system,rating,shooter,halo,feature,use,unreal,map,new,Xbox_Live,publisher,infograme,reviewer,mature,type,kind,best,blast,people,around,globe,service,worst,default,control,setting,sensitive,easily,fix,reduce,sensitivity,option,menu,bottom,line,hyper,cousin,attention,span,form,meaningful,plot,make,speed,carnage,mean,play,alone,feel,real,purpose,uc,marquee,title,launch,pc,gamer,familiar,series,translation,console,please,seasoned,internet,warrior,numerous,six,capture,downloadable,future,maybe,vehicle,help,organize,chaos,multiple,audio,channel,global,stat,tracking,comprehensive,trade,keyboard,mouse,couch,frag,never,comfortable,UNREAL,Microsoft_Xbox,ESRB,First_person,first_person,single_player,warm_up
,3,3,2,2,2,2,2,2,2,2,2,2,2,1,1,1,1,1,1,1,1,1,1,1,1,1,1,1,1,1,1,1,1,1,1,1,1,1,1,1,1,1,1,1,1,1,1,1,1,1,1,1,1,1,1,1,1,1,1,1,1,1,1,1,1,1,1,1,1,1,1,1,1,1,1,1,1,1,1,1,1,1,1,1,1,1,1,1,1,1,1,1,1,1,1,1,1,1,1
"December 20, 2002, Friday",96 of 96 DOCUMENTS,The Tampa Tribune (Florida),Obituaries,,"METRO, Pg. 6",,3651 words,,,"December 21, 2002",ENGLISH,,,,,,,Copyright 2002 Times Publishing Company                               All Rights Reserved
,2002,Tampa,survive,son,december,dec.,sister,funeral,die,grandchild,wife,daughter,brother,service,pass,away,family,home,husband,friend,whereas,p.m.,memorial,chapel,fla,www.dignitymemorial.com,member,saturday,hold,age,813,survivor,include,retire,beloved,mother,a.m.,nephew,great_grandchildren,bear,loving,w.,niece,four,receive,friday,a.,dignity,church,Lakeland,Nancy,may,make,n.c.,lieu,flower,love,three,Dignity_Memorial,John,parent,put,jr.,father,many,noon,officiating,interment,sr.,life,donation,native,mich,hour,Charles,great_grand_children,Miami,n.,cancer,precede,death,other,follow,pa.,contribution,heart,move,water,six,visitation,stower,c.,resident,ray,williams,dear,wednesday,h.,five
,49,38,29,29,26,24,21,20,19,19,19,18,18,18,16,16,16,16,15,15,15,13,13,11,11,11,11,10,10,9,8,8,8,8,8,8,8,8,8,7,7,7,7,6,6,6,6,6,6,6,6,5,5,5,5,5,5,5,5,5,4,4,4,4,4,4,4,4,4,4,4,4,4,4,4,4,4,3,3,3,3,3,3,3,3,3,3,3,3,3,3,3,3,3,3,3,3,3,3
